@manual{fifa,

title = {FIFA Quality Programme for Football Turf, Handbook of Test Methods},
date = {October 2015},
OPTlanguage = {English},
OPTversion = {V3.0},
OPTorganization = {FIFA},
OPTpagetotal = {77},
OPTpubstate = {October 2015}},
}

@INPROCEEDINGS{simpson,  
author={R. {Simpson} and T. {Storer}},  
booktitle={2017 IEEE 30th Conference on Software Engineering Education and Training (CSEE T)},  
title={Experimenting with Realism in Software Engineering Team Projects: An Experience Report},   
year={2017},  
volume={},  
number={},  
pages={87-96},}

@ARTICLE{rising,  
author={L. {Rising} and N. S. {Janoff}},  
journal={IEEE Software},  
title={The Scrum software development process for small teams},   
year={2000},  
volume={17},  
number={4},  
pages={26-32},}

@INPROCEEDINGS{hanakawa,  
author={N. {Hanakawa} and K. {Matsumoto} and K. {Torii}},  
booktitle={Ninth Asia-Pacific Software Engineering Conference, 2002.},  
title={A communication workload estimation model based on relationships among shared works for software development projects},   
year={2002},  
volume={},  
number={},  
pages={571-580},}

@book{brooks,
  author    = {Frederick P. {Brooks} Jr.}, 
  title     = {The mythical man-month : essays on software engineering},
  publisher = {Addison-Wesley Pub},
  year      = 1995,
  edition   = 2,
  isbn      = {0201835959}
}

@ARTICLE{ezghari,  
author={Soufiane {Ezghari},Azeddine {Zahi}},  
journal={Applied Soft Computing},  
title={Uncertainty management in software effort estimation using a consistent fuzzy analogy-based method},   
year={2018},  
volume={67},    
pages={540-557},}